@inproceedings{anjam2012,
  author    = "F. Anjam and L. Carro and S. Wong and G.L. Nazar and M.B. Rutzig",
  title     = "Simultaneous Reconfiguration of Issue-width and Instruction Cache for a VLIW Processor",
  booktitle = "Proc. International Conference on Embedded Computer Systems: Architecture Modeling and Simulation",
  address   = "Samos, Greece",
  month     = "July",
  year      = "2012",
  pages     = ""
}

@inproceedings{Wong2009,
  author    = "S. Wong and F. Anjam",
  title     = "The Delft Reconfigurable VLIW Processor",
  booktitle = "Proc. 17th International Conference on Advanced Computing and Communications",
  address   = "Bangalore, India",
  month     = "December",
  year      = "2009",
  pages     = "244-251"
}

@inproceedings{anjam2011,
  author    = "F. Anjam and M. Nadeem and S. Wong",
  title     = "Targeting Code Diversity with Run-time Adjustable Issue-slots in a Chip Multiprocessor",
  booktitle = "Proc. Design, Automation and Test in Europe",
  address   = "Grenoble, France",
  month     = "March",
  year      = "2011",
  pages     = ""
}

@inproceedings{anjam2010,
  author    = "F. Anjam and S. Wong and M.F. Nadeem",
  title     = "A shared Reconfigurable VLIW Multiprocessor System",
  booktitle = "Proc. 17th Reconfigurable Architectures Workshop ",
  address   = "Atlanta, USA",
  month     = "April",
  year      = "2010",
  pages     = ""
}

@inproceedings{brandon2013,
  author    = "A.A.C. Brandon and S. Wong",
  title     = "Support for dynamic issue width in {VLIW} processors using generic binaries ",
  booktitle = "Proc. Design, Automation \& Test in Europe Conference \& Exhibition",
  address   = "Grenoble, France",
  month     = "March",
  year      = "2013",
  pages     = "827 - 832"
}

